@inproceedings{Chen2017,
  title = {Robot Learning from Multiple Demonstrations with Dynamic Movement Primitive},
  booktitle = {2017 2nd International Conference on Advanced Robotics and Mechatronics (ICARM)},
  author = {Chen, Chuize and Yang, Chenguang and Zeng, Chao and Wang, Ning and Li, Zhijun},
  date = {2017-08},
  pages = {523--528},
  eventtitle = {2017 2nd International Conference on Advanced Robotics and Mechatronics (ICARM)}
}

@thesis{Chen2020,
  type = {硕士学位论文},
  title = {人机技能传递系统及方法研究},
  author = {陈, 垂泽},
  date = {2020},
  institution = {华南理工大学},
  editora = {杨, 辰光},
  editoratype = {collaborator},
  langid = {chinese}
}

@inproceedings{Ijspeert2002,
  title = {Learning Attractor Landscapes for Learning Motor Primitives},
  booktitle = {Advances in Neural Information Processing Systems},
  author = {Ijspeert, Auke and Nakanishi, Jun and Schaal, Stefan},
  date = {2002},
  volume = {15},
  publisher = {MIT Press}
}

@article{Ijspeert2013,
  title = {Dynamical Movement Primitives: Learning Attractor Models for Motor Behaviors},
  shorttitle = {Dynamical Movement Primitives},
  author = {Ijspeert, Auke Jan and Nakanishi, Jun and Hoffmann, Heiko and Pastor, Peter and Schaal, Stefan},
  date = {2013-02-01},
  journaltitle = {Neural Computation},
  shortjournal = {Neural Computation},
  volume = {25},
  number = {2},
  pages = {328--373}
}

@article{Li2020,
  title = {The Generalization of Robot Skills Based on Dynamic Movement Primitives},
  author = {Li, Xian and Yang, Chenguang and Feng, Ying},
  date = {2020-01-01},
  journaltitle = {IFAC-PapersOnLine},
  shortjournal = {IFAC-PapersOnLine},
  series = {3rd IFAC Workshop on Cyber-Physical \& Human Systems CPHS 2020},
  volume = {53},
  number = {5},
  pages = {265--270},
  langid = {english}
}

@inproceedings{Li2021,
  title = {Vision-Based Robot Handwriting Skill Reproduction and Generalization},
  shorttitle = {🔤基于视觉的机器人手写技能再现与泛化},
  booktitle = {2021 27th International Conference on Mechatronics and Machine Vision in Practice (M2VIP)},
  author = {Li, Xian and Dai, Shi-Lu and Yang, Chenguang},
  date = {2021-11},
  pages = {469--474},
  eventtitle = {2021 27th International Conference on Mechatronics and Machine Vision in Practice (M2VIP)}
}

@inproceedings{Li2022,
  title = {An Observation Based Method for Human Robot Writing Skill Transfer},
  booktitle = {2022 IEEE 17th International Conference on Control \& Automation (ICCA)},
  author = {Li, Xian and Si, Weiyong and Yang, Chenguang},
  date = {2022-06},
  pages = {412--417},
  eventtitle = {2022 IEEE 17th International Conference on Control \& Automation (ICCA)}
}

@thesis{Man2021,
  type = {硕士},
  title = {基于运动基元的机械臂智能控制方法研究},
  author = {满, 桁宇},
  date = {2021},
  institution = {军事科学院},
  langid = {chinese}
}

@thesis{Song2021,
  type = {博士},
  title = {基于示教学习和任务约束的机器人作业规划研究},
  author = {宋, 才伟},
  date = {2021},
  institution = {哈尔滨工业大学},
  langid = {chinese}
}

@thesis{Zeng2019,
  type = {博士学位论文},
  title = {人-机器人技能传递技术研究},
  author = {曾, 超},
  date = {2019},
  institution = {华南理工大学},
  editora = {杨, 辰光},
  editoratype = {collaborator},
  langid = {chinese}
}

@article{Zhan2021,
  title = {机器人示教学习与技能泛化实验设计},
  author = {占, 宏 and 李, 娴 and 杨, 辰光},
  date = {2021},
  journaltitle = {实验技术与管理},
  volume = {38},
  number = {06},
  pages = {52-55+66},
  langid = {chinese}
}
